@inproceedings{naturalize,
  title={Learning natural coding conventions},
  author={Allamanis, Miltiadis and Barr, Earl T and Bird, Christian and Sutton, Charles},
  booktitle={Proceedings of the 22nd ACM SIGSOFT International Symposium on Foundations of Software Engineering},
  pages={281--293},
  year={2014}
}

@article{smoothingStudy,
  title={An empirical study of smoothing techniques for language modeling},
  author={Chen, Stanley F and Goodman, Joshua},
  journal={Computer Speech \& Language},
  volume={13},
  number={4},
  pages={359--394},
  year={1999},
  publisher={Elsevier}
}

@inproceedings{nestedngram,
  title={Are deep neural networks the best choice for modeling source code?},
  author={Hellendoorn, Vincent J and Devanbu, Premkumar},
  booktitle={Proceedings of the 2017 11th Joint Meeting on Foundations of Software Engineering},
  pages={763--773},
  year={2017}
}

@article{pawlak:hal-01169705,
  TITLE = "{Spoon: A Library for Implementing Analyses and Transformations of Java Source Code}",
  AUTHOR = {Pawlak, Renaud and Monperrus, Martin and Petitprez, Nicolas and Noguera, Carlos and Seinturier, Lionel},
  JOURNAL = "{Software: Practice and Experience}",
  PUBLISHER = "{Wiley-Blackwell}",
  PAGES = {1155-1179},
  VOLUME = {46},
  URL = {https://hal.archives-ouvertes.fr/hal-01078532/document},
  YEAR = {2015},
  doi = {10.1002/spe.2346},
}

@article{katz1987estimation,
  title={Estimation of probabilities from sparse data for the language model component of a speech recognizer},
  author={Katz, Slava},
  journal={IEEE transactions on acoustics, speech, and signal processing},
  volume={35},
  number={3},
  pages={400--401},
  year={1987},
  publisher={IEEE}
}